Month,Sales
2023-01-31,213
2023-02-28,226
2023-03-31,221
2023-04-30,224
2023-05-31,222
2023-06-30,235
2023-07-31,260
2023-08-31,262
2023-09-30,282
2023-10-31,300
2023-11-30,288
2023-12-31,305
2024-01-31,316
2024-02-29,340
2024-03-31,322
2024-04-30,330
2024-05-31,373
2024-06-30,362
2024-07-31,389
2024-08-31,384
2024-09-30,384
2024-10-31,406
2024-11-30,439
2024-12-31,427
